@article{green,
author = {Green, R.M. and Sheppard, John},
year = {2013},
month = {01},
pages = {64-69},
title = {Comparing frequency- and style-based features for Twitter author identification},
booktitle = {FLAIRS 2013 - Proceedings of the 26th International Florida Artificial Intelligence Research Society Conference}
}

@InProceedings{schwartz,
  author = 	"Schwartz, Roy
		and Tsur, Oren
		and Rappoport, Ari
		and Koppel, Moshe",
  title = 	"Authorship Attribution of Micro-Messages",
  booktitle = 	"Proceedings of the 2013 Conference on Empirical Methods in Natural Language Processing",
  year = 	"2013",
  publisher = 	"Association for Computational Linguistics",
  pages = 	"1880--1891",
  location = 	"Seattle, Washington, USA",
  url = 	"http://www.aclweb.org/anthology/D13-1193"
}

@article{chang,
 author = {Chang, Chih-Chung and Lin, Chih-Jen},
 title = {{LIBSVM}: A library for support vector machines},
 journal = {ACM Transactions on Intelligent Systems and Technology},
 volume = {2},
 issue = {3},
 year = {2011},
 pages = {27:1--27:27},
 note =	 {Software available at \url{http://www.csie.ntu.edu.tw/~cjlin/libsvm}}
}

@inproceedings{qian,
  title={Deep Learning based Authorship Identification},
  author={Chen Qian and Ting He and Rao Zhang},
  year={2017}
}

@INPROCEEDINGS{brocardo,
author={M. L. Brocardo and I. Traore and S. Saad and I. Woungang},
booktitle={2013 International Conference on Computer, Information and Telecommunication Systems (CITS)},
title={Authorship verification for short messages using stylometry},
year={2013},
volume={},
number={},
pages={1-6},
keywords={authorisation;data mining;digital forensics;electronic mail;electronic messaging;human computer interaction;learning (artificial intelligence);social networking (online);text analysis;authorship verification;short messages;stylometry;stylometric techniques;linguistic style analysis;writing characteristic analysis;author identity checking;online documents;emails;text messages;Twitter feeds;supervised learning technique;n-gram analysis;equal error rate;access control;text mining;Enron email dataset;Accuracy;Electronic mail;Feature extraction;Training data;Error analysis;Support vector machines;Training;Authentication and access control;biometrics systems;authorship verification;classification;stylometry;n-gram features;short message verification;text mining;writeprint},
doi={10.1109/CITS.2013.6705711},
ISSN={},
month={May},}

@INPROCEEDINGS{rabab,
author={A. Rabab'ah and M. Al-Ayyoub and Y. Jararweh and M. Aldwairi},
booktitle={2016 IEEE/ACS 13th International Conference of Computer Systems and Applications (AICCSA)},
title={Authorship attribution of Arabic tweets},
year={2016},
volume={},
number={},
pages={1-6},
keywords={authorisation;natural language processing;pattern classification;social networking (online);text analysis;Arabic tweet authorship attribution analysis;tweet authentication;textual content;stylometric features;modern automatic document classification problem;SF;BOW;bag-of-words;Arabic language;Feature extraction;Support vector machines;Electronic mail;Niobium;Authentication;Writing;Syntactics;Online Social Networks;Authorship Authentication;Stylometric Features;Bag-Of-Words},
doi={10.1109/AICCSA.2016.7945818},
ISSN={2161-5330},
month={Nov},}

@article{stamatatos,
author = {Stamatatos, Efstathios},
title = {A survey of modern authorship attribution methods},
journal = {Journal of the American Society for Information Science and Technology},
volume = {60},
number = {3},
pages = {538-556},
doi = {10.1002/asi.21001},
url = {https://onlinelibrary.wiley.com/doi/abs/10.1002/asi.21001},
eprint = {https://onlinelibrary.wiley.com/doi/pdf/10.1002/asi.21001},
}

@InProceedings{moretsarfatycoling2016,
  author = {Amir More and Reut Tsarfaty},
  title = {Data-Driven Morphological Analysis and Disambiguation for Morphologically Rich Languages and Universal Dependencies},
  booktitle = {Proceedings of COLING 2016},
  year = {2016},
  month = {december},
  location = {Osaka}
}